@book{esimerkki,
  title = {Graph Theory},
  author = {Reinhard Diestel},
  publisher = {Springer},
  year = {2005},
  address = {Berliini},
  edition = {3.}
}

@book{still-alive, 
author={Sadeghian, A. and Zamani, M. and Ibrahim, S.}, 
booktitle={Informatics and Creative Multimedia (ICICM), 2013 International Conference on}, 
title={SQL Injection Is Still Alive: A Study on SQL Injection Signature Evasion Techniques}, 
year={2013}, 
month={Sept}, 
pages={265-268}, 
keywords={Internet;SQL;security of data;transport protocols;HTTP packets;OWASP;SQL injection attack;SQL injection signature evasion technique;SQL language;SQL queries;Web application database;Web application firewall;Web application protection;Web application security;Web based vulnerabilities;detection filters;firewall checks;security solution;signature based technique;Databases;Electronic mail;Encoding;Engines;Informatics;Security;Servers;Firewall;IDS;IPS;SQL injection;Signature Evasion;Web Application Security}, 
doi={10.1109/ICICM.2013.52},}

@book{detection, 
author={Sadeghian, A. and Zamani, M. and Manaf, A.A.}, 
booktitle={Informatics and Creative Multimedia (ICICM), 2013 International Conference on}, 
title={A Taxonomy of SQL Injection Detection and Prevention Techniques}, 
year={2013}, 
month={Sept}, 
pages={53-56}, 
keywords={Internet;SQL;query processing;security of data;Internet;SQL injection attacks;SQL injection detection technique;SQL injection prevention technique;database management system;legitimate query statement;malicious SQL query;statistical researches;structural classification;Browsers;Conferences;Context;Databases;Runtime;Security;Testing;Information security;SQL injection;Web application vulnerability}, 
doi={10.1109/ICICM.2013.18},}

@INPROCEEDINGS{regexp, 
author={Tajpour, A. and Massrum, M. and Heydari, M.Z.}, 
booktitle={Education Technology and Computer (ICETC), 2010 2nd International Conference on}, 
title={Comparison of SQL injection detection and prevention techniques}, 
year={2010}, 
month={June}, 
volume={5}, 
pages={V5-174-V5-179}, 
keywords={SQL;Web services;data integrity;database management systems;security of data;SQL injection attack;SQL injection detection;SQL injection prevention;database driven Web application;information integrity;structural query language;Application software;Books;Computer science education;Database languages;Educational technology;Engineering management;Logic;Shape;Software engineering;Technology management;SQL Injection Attacks;detection;prevention}, 
doi={10.1109/ICETC.2010.5529788},}